<?xml version="1.0" encoding="UTF-8"?><collection xmlns="http://www.loc.gov/MARC21/slim"><record><leader>00374nam--2200133-i-4500</leader><controlfield tag="001">000008013</controlfield><controlfield tag="002">20161230</controlfield><controlfield tag="005">20161230201027</controlfield><controlfield tag="008">060222s1000------------r-----000-0-eng-d</controlfield><datafield ind1=" " ind2=" " tag="100"><subfield code="a">Baker, A. J</subfield></datafield><datafield ind1=" " ind2=" " tag="245"><subfield code="a">More spectroscopic problems in organic chemist</subfield></datafield><datafield ind1=" " ind2=" " tag="260"><subfield code="a">London, Heyden &amp; Son Ltd., 1967. 25 P. + 60 Pl</subfield></datafield><datafield ind1=" " ind2=" " tag="490"><subfield code="a">Spectroscopy In Education Series</subfield></datafield><datafield ind1=" " ind2=" " tag="852"><subfield code="a">21161</subfield></datafield></record></collection>